% !Mode:: "TeX:UTF-8"

@inbook{Lin1992,
  language   ="chinese",
  AUTHOR     = "林来兴",
  TITLE      = "空间控制技术",
  PUBLISHER  = "宇航出版社",
  YEAR       = "1992",
  Pages      = "25-42",
  ADDRESS    = "北京",
}

@book{xin1994,
  language={chinese},
  title={信息技术与信息服务国际研讨会论文集},
  author={辛希孟 and 中国科学院文献信息中心 and 孟广均 and 信息学},
  year={1994},
  publisher={中国社会科学出版社},
	pages={45-49},
	address={北京},
	typeoflit={C},
}

@book{zhao1998,
  language={chinese},
  title={新时代的工业工程师},
  author={赵耀东},
  year={1998},
	citedate =     {1998-09-26},
	address={台北},
  publisher={天下文化出版社},
	url={http://www.ie.nthu.edu.tw/info/ie.newie.htm(Big5)},
	typeoflit={M/OL},
}

@phdthesis{Chen1992,
   language   ="chinese",
   Author = {谌颖},
   Title = {空间最优交会控制理论与方法研究},
   ADDRESS    = "哈尔滨",
   School = {哈尔滨工业大学},
   Year = {1992},
   pages= {8-13},
}

@article{kanamori1998shaking,
  title={Shaking without Quaking},
  author={Kanamori, H.},
  journal={Science},
  volume={279},
  number={5359},
  pages={2063-2064},
  year={1998},
}

@article{mlot1998plant,
  title={Plant Biology in the Genome Era},
  author={Mlot, C.},
  journal={Science},
  volume={281},
  number={5375},
  pages={331-332},
  year={1998},
	citedate =     {1998-09-23},
	url={http://www.sciencemag.org/cgi/collection/anatmorp},
	typeoflit={J/OL},
}

@inproceedings{mikolov2011extensions,
	title={Extensions of recurrent neural network language model},
	author={Mikolov, Tom{\'a}{\v{s}} and Kombrink, Stefan and Burget, Luk{\'a}{\v{s}} and {\v{C}}ernock{\`y}, Jan and Khudanpur, Sanjeev},
	booktitle={Acoustics, Speech and Signal Processing (ICASSP), 2011 IEEE International Conference on},
	pages={5528--5531},
	year={2011},
	organization={IEEE}
}

@article{姚天昉2007汉语语句主题语义倾向分析方法的研究,
	title={汉语语句主题语义倾向分析方法的研究},
	author={姚天昉 and 娄德成},
	journal={中文信息学报},
	volume={21},
	number={5},
	pages={73--79},
	year={2007}
}

@inproceedings{sundermeyer2012lstm,
	title={LSTM neural networks for language modeling},
	author={Sundermeyer, Martin and Schl{\"u}ter, Ralf and Ney, Hermann},
	booktitle={Thirteenth Annual Conference of the International Speech Communication Association},
	year={2012}
}


@article{mikolov2013efficient,
	title={Efficient Estimation of Word Representations in Vector Space},
	author={Mikolov, Tomas and Chen, Kai and Corrado, Greg and Dean, Jeffrey},
	journal={Computer Science},
	year={2013},
}

@inproceedings{turney2002thumbs,
	title={Thumbs up or thumbs down?: semantic orientation applied to unsupervised classification of reviews},
	author={Turney, Peter D},
	booktitle={Proceedings of the 40th annual meeting on association for computational linguistics},
	pages={417--424},
	year={2002},
	organization={Association for Computational Linguistics}
}

@article{taboada2011lexicon,
	title={Lexicon-based methods for sentiment analysis},
	author={Taboada, Maite and Brooke, Julian and Tofiloski, Milan and Voll, Kimberly and Stede, Manfred},
	journal={Computational linguistics},
	volume={37},
	number={2},
	pages={267--307},
	year={2011},
	publisher={MIT Press}
}

@article{宋艳雪2012基于语境歧义词的句子情感倾向性分析,
	title={基于语境歧义词的句子情感倾向性分析},
	author={宋艳雪 and 张绍武 and 林鸿飞},
	journal={中文信息学报},
	volume={26},
	number={3},
	pages={38--44},
	year={2012}
}

@inproceedings{pang2002thumbs,
	title={Thumbs up?: sentiment classification using machine learning techniques},
	author={Pang, Bo and Lee, Lillian and Vaithyanathan, Shivakumar},
	booktitle={Proceedings of the ACL-02 conference on Empirical methods in natural language processing-Volume 10},
	pages={79--86},
	year={2002},
	organization={Association for Computational Linguistics}
}

@inproceedings{pang2004sentimental,
	title={A sentimental education: Sentiment analysis using subjectivity summarization based on minimum cuts},
	author={Pang, Bo and Lee, Lillian},
	booktitle={Proceedings of the 42nd annual meeting on Association for Computational Linguistics},
	pages={271},
	year={2004},
	organization={Association for Computational Linguistics}
}

@article{gamon2005pulse,
	title={Pulse: Mining customer opinions from free text},
	author={Gamon, Michael and Aue, Anthony and Corston-Oliver, Simon and Ringger, Eric},
	journal={Lecture notes in computer science},
	volume={3646},
	pages={121--132},
	year={2005},
	publisher={Springer}
}

@inproceedings{tackstrom2011semi,
	title={Semi-supervised latent variable models for sentence-level sentiment analysis},
	author={T{\"a}ckstr{\"o}m, Oscar and McDonald, Ryan},
	booktitle={Proceedings of the 49th Annual Meeting of the Association for Computational Linguistics: Human Language Technologies: short papers-Volume 2},
	pages={569--574},
	year={2011},
	organization={Association for Computational Linguistics}
}

Semi-supervised Latent Variable Modelsfor Sentence-level Sentiment Analysis

基于情感关键句抽取的情感分类研究
@article{林政2012基于情感关键句抽取的情感分类研究,
	title={基于情感关键句抽取的情感分类研究},
	author={林政 and 谭松波 and 程学旗},
	journal={计算机研究与发展},
	volume={49},
	number={11},
	pages={2376--2382},
	year={2012}
}

Recursive Deep Models for Semantic Compositionality Over a Sentiment Treebank
@inproceedings{socher2013recursive,
	title={Recursive deep models for semantic compositionality over a sentiment treebank},
	author={Socher, Richard and Perelygin, Alex and Wu, Jean and Chuang, Jason and Manning, Christopher D and Ng, Andrew and Potts, Christopher},
	booktitle={Proceedings of the 2013 conference on empirical methods in natural language processing},
	pages={1631--1642},
	year={2013}
}

Convolution Neural Networks for sentences classification
@inproceedings{kim2014convolutional,
	title={Convolutional neural networks for sentence classification},
	author={Kim, Yoon},
	booktitle={In EMNLP},
	year={2014},
	organization={Citeseer}
}


Learning Sentiment-Specific Word Embedding for Twitter Sentiment Classification
@inproceedings{tang2014learning,
	title={Learning Sentiment-Specific Word Embedding for Twitter Sentiment Classification.},
	author={Tang, Duyu and Wei, Furu and Yang, Nan and Zhou, Ming and Liu, Ting and Qin, Bing},
	booktitle={ACL (1)},
	pages={1555--1565},
	year={2014}
}


Improved Semantic Representations from Tree-structured Long Short-term Memory Networks
@article{tai2015improved,
	title={Improved Semantic Representations From Tree-Structured Long Short-Term Memory Networks},
	author={Tai, Kai Sheng and Socher, Richard and Manning, Christopher D.},
	journal={Computer Science},
	volume={5},
	number={1},
	pages={: 36.},
	year={2015},
}


Long Short-Term Memory
@article{hochreiter1997long,
	title={Long short-term memory},
	author={Hochreiter, Sepp and Schmidhuber, J{\"u}rgen},
	journal={Neural computation},
	volume={9},
	number={8},
	pages={1735--1780},
	year={1997},
	publisher={MIT Press}
}

基于卷积神经网络的微博情感倾向性分析
@article{刘龙飞2015基于卷积神经网络的微博情感倾向性分析,
	title={基于卷积神经网络的微博情感倾向性分析},
	author={刘龙飞 and 杨 亮 and 张绍武 and 林鸿飞},
	journal={中文信息学报},
	volume={29},
	number={6},
	pages={159--165},
	year={2015}
}

Cats Rule and Dogs Drool!, Classif ying Stance in Online Debate
@inproceedings{anand2011cats,
	title={Cats rule and dogs drool!: Classifying stance in online debate},
	author={Anand, Pranav and Walker, Marilyn and Abbott, Rob and Tree, Jean E Fox and Bowmani, Robeson and Minor, Michael},
	booktitle={Proceedings of the 2nd workshop on computational approaches to subjectivity and sentiment analysis},
	pages={1--9},
	year={2011},
	organization={Association for Computational Linguistics}
}

Stance Classification of Ideological Debates: Data,Models, Features, and Constraints
@inproceedings{hasan2013stance,
	title={Stance Classification of Ideological Debates: Data, Models, Features, and Constraints.},
	author={Hasan, Kazi Saidul and Ng, Vincent},
	booktitle={IJCNLP},
	pages={1348--1356},
	year={2013}
}

Feature-Based Model versus Convolutional Neural Network for Stance Detection


Stance Classification in Tweets Using a Genetic Algorithm Based Ensemble
@inproceedings{tutek2016takelab,
	title={TakeLab at SemEval-2016 task 6: stance classification in tweets using a genetic algorithm based ensemble},
	author={Tutek, Martin and Sekulic, Ivan and Gombar, Paula and Paljak, Ivan and Culinovic, Filip and Boltuzic, Filip and Karan, Mladen and Alagi{\'c}, Domagoj and {\v{S}}najder, Jan},
	booktitle={Proceedings of the 10th International Workshop on Semantic Evaluation (SemEval-2016)},
	pages={464--468},
	year={2016}
}

Detecting Stance in Tweets And Analyzing Its Interaction with Sentiment
@inproceedings{sobhani2016detecting,
	title={Detecting stance in tweets and analyzing its interaction with sentiment},
	author={Sobhani, Parinaz and Mohammad, Saif and Kiritchenko, Svetlana},
	booktitle={Proceedings of the Fifth Joint Conference on Lexical and Computational Semantics},
	pages={159--169},
	year={2016}
}

Weakly Supervised Models for Extracting Politicians’Stances From Twitter
@inproceedings{johnson2016all,
	title={" All I know about politics is what I read in Twitter": Weakly Supervised Models for Extracting Politicians' Stances From Twitter.},
	author={Johnson, Kristen and Goldwasser, Dan},
	booktitle={COLING},
	pages={2966--2977},
	year={2016}
}

Weakly Supervised Tweet Stance Classification by Relational Bootstrapping 
@inproceedings{ebrahimi2016weakly,
	title={Weakly Supervised Tweet Stance Classification by Relational Bootstrapping.},
	author={Ebrahimi, Javid and Dou, Dejing and Lowd, Daniel},
	booktitle={EMNLP},
	pages={1012--1017},
	year={2016}
}

Weakly-Supervised Approach for Classification of Stance in Tweets 


Learning Continuous Phrase Representations and Syntactic Parsing with Recursive Neural Networks
@inproceedings{socher2010learning,
	title={Learning continuous phrase representations and syntactic parsing with recursive neural networks},
	author={Socher, Richard and Manning, Christopher D and Ng, Andrew Y},
	booktitle={Proceedings of the NIPS-2010 Deep Learning and Unsupervised Feature Learning Workshop},
	pages={1--9},
	year={2010}
}

Recursive Neural Networks for Learning Logical Semantics
@article{bowman2014recursive,
	title={Recursive neural networks for learning logical semantics},
	author={Bowman, Samuel R and Potts, Christopher and Manning, Christopher D},
	journal={CoRR, abs/1406.1827},
	volume={5},
	year={2014}
}

A Neural Network for Factoid Question Answering over Paragraphs
@inproceedings{iyyer2014neural,
	title={A Neural Network for Factoid Question Answering over Paragraphs.},
	author={Iyyer, Mohit and Boyd-Graber, Jordan L and Claudino, Leonardo Max Batista and Socher, Richard and Daum{\'e} III, Hal},
	booktitle={EMNLP},
	pages={633--644},
	year={2014}
}

Context Dependent Recurrent Neural Network Language Model
@article{mikolov2012context,
	title={Context dependent recurrent neural network language model.},
	author={Mikolov, Tomas and Zweig, Geoffrey},
	journal={SLT},
	volume={12},
	pages={234--239},
	year={2012}
}

Sequence to Sequence Learning with Neural Networks
@inproceedings{sutskever2014sequence,
	title={Sequence to sequence learning with neural networks},
	author={Sutskever, Ilya and Vinyals, Oriol and Le, Quoc V},
	booktitle={Advances in neural information processing systems},
	pages={3104--3112},
	year={2014}
}

Stance Detection in Chinese MicroBlogs with Neural Networks
@inproceedings{yu2016stance,
	title={Stance Detection in Chinese MicroBlogs with Neural Networks},
	author={Yu, Nan and Pan, Da and Zhang, Meishan and Fu, Guohong},
	booktitle={International Conference on Computer Processing of Oriental Languages},
	pages={893--900},
	year={2016},
	organization={Springer}
}


Detecting Stance in Tweets Using Character and Word-Level CNNs


Any-Target Stance Detection on Twitter with Autoencoders
@inproceedings{augenstein2016usfd,
	title={USFD at SemEval-2016 Task 6: Any-Target Stance Detection on Twitter with Autoencoders.},
	author={Augenstein, Isabelle and Vlachos, Andreas and Bontcheva, Kalina},
	booktitle={SemEval@ NAACL-HLT},
	pages={389--393},
	year={2016}
}

A Specific Convolutional Neural Network System for Effective Stance Detection
@inproceedings{wei2016pkudblab,
	title={pkudblab at SemEval-2016 Task 6: A Specific Convolutional Neural Network System for Effective Stance Detection.},
	author={Wei, Wan and Zhang, Xiao and Liu, Xuqin and Chen, Wei and Wang, Tengjiao},
	booktitle={SemEval@ NAACL-HLT},
	pages={384--388},
	year={2016}
}

Improving Twitter Sentiment Analysis with Topic-Based Mixture Modeling and Semi-Supervised Training
@inproceedings{xiang2014improving,
	title={Improving twitter sentiment analysis with topic-based mixture modeling and semi-supervised training},
	author={Xiang, Bing and Zhou, Liang},
	booktitle={Proceedings of the 52nd Annual Meeting of the Association for Computational Linguistics (Volume 2: Short Papers)},
	volume={2},
	pages={434--439},
	year={2014}
}

Natural Language Processing from Scratch
@article{collobert2011natural,
	title={Natural language processing (almost) from scratch},
	author={Collobert, Ronan and Weston, Jason and Bottou, L{\'e}on and Karlen, Michael and Kavukcuoglu, Koray and Kuksa, Pavel},
	journal={Journal of Machine Learning Research},
	volume={12},
	number={Aug},
	pages={2493--2537},
	year={2011}
}

Deep learning for Sentiment Analysis:  Successful Approaches and  Future Challenges
@article{tang2015deep,
	title={Deep learning for sentiment analysis: successful approaches and future challenges},
	author={Tang, Duyu and Qin, Bing and Liu, Ting},
	journal={Wiley Interdisciplinary Reviews: Data Mining and Knowledge Discovery},
	volume={5},
	number={6},
	pages={292--303},
	year={2015},
	publisher={Wiley Online Library}
}

Relevant or Not? Supportive or Not? A Two -step Learning System for Tweets 


Ensemble of Feature Sets and Classification Methods for Stance Detection
@inproceedings{xu2016ensemble,
	title={Ensemble of Feature Sets and Classification Methods for Stance Detection},
	author={Xu, Jiaming and Zheng, Suncong and Shi, Jing and Yao, Yiqun and Xu, Bo},
	booktitle={International Conference on Computer Processing of Oriental Languages},
	pages={679--688},
	year={2016},
	organization={Springer}
}

A Short Introduction to Probabilistic Soft Logic
@inproceedings{kimmig2012short,
	title={A short introduction to probabilistic soft logic},
	author={Kimmig, Angelika and Bach, Stephen and Broecheler, Matthias and Huang, Bert and Getoor, Lise},
	booktitle={Proceedings of the NIPS Workshop on Probabilistic Programming: Foundations and Applications},
	pages={1--4},
	year={2012}
}

Recurrent Neural Network Based Language Model
@inproceedings{mikolov2010recurrent,
	title={Recurrent neural network based language model.},
	author={Mikolov, Tomas and Karafi{\'a}t, Martin and Burget, Lukas and Cernock{\`y}, Jan and Khudanpur, Sanjeev},
	booktitle={Interspeech},
	volume={2},
	pages={3},
	year={2010}
}

Overview of NLPCC Shared Task 4: Stance Detection in Chinese Microblogs
@inproceedings{xu2016overview,
	title={Overview of NLPCC Shared Task 4: Stance Detection in Chinese Microblogs},
	author={Xu, Ruifeng and Zhou, Yu and Wu, Dongyin and Gui, Lin and Du, Jiachen and Xue, Yun},
	booktitle={International Conference on Computer Processing of Oriental Languages},
	pages={907--916},
	year={2016},
	organization={Springer}
}

A Dataset for Detecting Stance in Tweets
@inproceedings{mohammad2016dataset,
	title={A Dataset for Detecting Stance in Tweets.},
	author={Mohammad, Saif and Kiritchenko, Svetlana and Sobhani, Parinaz and Zhu, Xiao-Dan and Cherry, Colin},
	booktitle={LREC},
	year={2016}
}

Attend and Tell: Neural Image Caption Generation with Vsual Attention
@inproceedings{xu2015show,
	title={Show, attend and tell: Neural image caption generation with visual attention},
	author={Xu, Kelvin and Ba, Jimmy and Kiros, Ryan and Cho, Kyunghyun and Courville, Aaron and Salakhudinov, Ruslan and Zemel, Rich and Bengio, Yoshua},
	booktitle={International Conference on Machine Learning},
	pages={2048--2057},
	year={2015}
}

Neural Machine Translation by Jointly Learning to Align and Translate

@article{bahdanau2014neural,
	title={Neural Machine Translation by Jointly Learning to Align and Translate},
	author={Bahdanau, Dzmitry and Cho, Kyunghyun and Bengio, Yoshua},
	journal={Computer Science},
	year={2014},
}

@article{godbole2007large,
	title={Large-Scale Sentiment Analysis for News and Blogs.},
	author={Godbole, Namrata and Srinivasaiah, Manja and Skiena, Steven},
	journal={ICWSM},
	volume={7},
	number={21},
	pages={219--222},
	year={2007}
}

@misc{毛峡2011人机情感交互,
	title={人机情感交互},
	author={毛峡 and 薛雨丽},
	year={2011},
	publisher={北京: 科学出版社}
}

@inproceedings{balahur2011detecting,
	title={Detecting implicit expressions of sentiment in text based on commonsense knowledge},
	author={Balahur, Alexandra and Hermida, Jes{\'u}s M and Montoyo, Andr{\'e}s},
	booktitle={Proceedings of the 2nd Workshop on Computational Approaches to Subjectivity and Sentiment Analysis},
	pages={53--60},
	year={2011},
	organization={Association for Computational Linguistics}
}

@article{taboada2011lexicon,
	title={Lexicon-based methods for sentiment analysis},
	author={Taboada, Maite and Brooke, Julian and Tofiloski, Milan and Voll, Kimberly and Stede, Manfred},
	journal={Computational linguistics},
	volume={37},
	number={2},
	pages={267--307},
	year={2011},
	publisher={MIT Press}
}

@article{agarwal2015sentiment,
	title={Sentiment analysis using common-sense and context information},
	author={Agarwal, Basant and Mittal, Namita and Bansal, Pooja and Garg, Sonal},
	journal={Computational intelligence and neuroscience},
	volume={2015},
	pages={30},
	year={2015},
	publisher={Hindawi Publishing Corp.}
}

@article{abbasi2008affect,
	title={Affect analysis of web forums and blogs using correlation ensembles},
	author={Abbasi, Ahmed and Chen, Hsinchun and Thoms, Sven and Fu, Tianjun},
	journal={IEEE Transactions on Knowledge and Data Engineering},
	volume={20},
	number={9},
	pages={1168--1180},
	year={2008},
	publisher={IEEE}
}

@incollection{tromp2015pattern,
	title={Pattern-based emotion classification on social media},
	author={Tromp, Erik and Pechenizkiy, Mykola},
	booktitle={Advances in Social Media Analysis},
	pages={1--20},
	year={2015},
	publisher={Springer}
}

@inproceedings{mohammad2012portable,
	title={Portable features for classifying emotional text},
	author={Mohammad, Saif},
	booktitle={Proceedings of the 2012 Conference of the North American Chapter of the Association for Computational Linguistics: Human Language Technologies},
	pages={587--591},
	year={2012},
	organization={Association for Computational Linguistics}
}

@inproceedings{gui2015novel,
	title={A novel class noise estimation method and application in classification},
	author={Gui, Lin and Lu, Qin and Xu, Ruifeng and Li, Minglei and Wei, Qikang},
	booktitle={Proceedings of the 24th ACM International on Conference on Information and Knowledge Management},
	pages={1081--1090},
	year={2015},
	organization={ACM}
}

@article{keshtkar2012hierarchical,
	title={A hierarchical approach to mood classification in blogs},
	author={Keshtkar, Fazel and Inkpen, Diana},
	journal={Natural Language Engineering},
	volume={18},
	number={1},
	pages={61--81},
	year={2012},
	publisher={Cambridge University Press}
}

@article{张博2015一种基于跨领域典型相关性分析的迁移学习方法,
	title={一种基于跨领域典型相关性分析的迁移学习方法},
	author={张博 and 史忠植 and 赵晓非 and 张建华},
	journal={计算机学报},
	volume={38},
	number={7},
	pages={1326--1336},
	year={2015}
}
@article{梁2015基于极性转移和,
	title={基于极性转移和 LSTM 递归网络的情感分析},
	author={梁军 and 柴玉梅 and 原慧斌 and 高明磊 and 昝红英},
	journal={中文信息学报},
	volume={29},
	number={5},
	pages={152--160},
	year={2015}
}

@article{potthast2012information,
	title={Information retrieval in the commentsphere},
	author={Potthast, Martin and Stein, Benno and Loose, Fabian and Becker, Steffen},
	journal={ACM Transactions on Intelligent Systems and Technology (TIST)},
	volume={3},
	number={4},
	pages={68},
	year={2012},
	publisher={ACM}
}

@article{zhou2010research,
	title={Research of sentiment classification for net news comments by machine learning},
	author={Zhou, Jie and Lin, Chen and Li, Bi-cheng},
	journal={Journal of Computer Applications},
	volume={30},
	number={4},
	pages={1011--1014},
	year={2010}
}

@inproceedings{chardon2013measuring,
	title={Measuring the effect of discourse structure on sentiment analysis},
	author={Chardon, Baptiste and Benamara, Farah and Mathieu, Yannick and Popescu, Vladimir and Asher, Nicholas},
	booktitle={International Conference on Intelligent Text Processing and Computational Linguistics},
	pages={25--37},
	year={2013},
	organization={Springer}
}

@inproceedings{zhang2016ecnu,
	title={ECNU at SemEval 2016 Task 6: Relevant or Not? Supportive or Not? A Two-step Learning System for Automatic Detecting Stance in Tweets.},
	author={Zhang, Zhihua and Lan, Man},
	booktitle={SemEval@ NAACL-HLT},
	pages={451--457},
	year={2016}
}

@article{moreo2012lexicon,
	title={Lexicon-based comments-oriented news sentiment analyzer system},
	author={Moreo, Alejandro and Romero, M and Castro, JL and Zurita, Jose Manuel},
	journal={Expert Systems with Applications},
	volume={39},
	number={10},
	pages={9166--9180},
	year={2012},
	publisher={Elsevier}
}

@inproceedings{zhao2010jointly,
	title={Jointly modeling aspects and opinions with a MaxEnt-LDA hybrid},
	author={Zhao, Wayne Xin and Jiang, Jing and Yan, Hongfei and Li, Xiaoming},
	booktitle={Proceedings of the 2010 Conference on Empirical Methods in Natural Language Processing},
	pages={56--65},
	year={2010},
	organization={Association for Computational Linguistics}
}

@article{kiritchenko2014sentiment,
	title={Sentiment analysis of short informal texts},
	author={Kiritchenko, Svetlana and Zhu, Xiaodan and Mohammad, Saif M},
	journal={Journal of Artificial Intelligence Research},
	volume={50},
	pages={723--762},
	year={2014}
}

@article{mohammad2015sentiment,
	title={Sentiment, emotion, purpose, and style in electoral tweets},
	author={Mohammad, Saif M and Zhu, Xiaodan and Kiritchenko, Svetlana and Martin, Joel},
	journal={Information Processing \& Management},
	volume={51},
	number={4},
	pages={480--499},
	year={2015},
	publisher={Elsevier}
}

@inproceedings{somasundaran2009recognizing,
	title={Recognizing stances in online debates},
	author={Somasundaran, Swapna and Wiebe, Janyce},
	booktitle={Proceedings of the Joint Conference of the 47th Annual Meeting of the ACL and the 4th International Joint Conference on Natural Language Processing of the AFNLP: Volume 1-Volume 1},
	pages={226--234},
	year={2009},
	organization={Association for Computational Linguistics}
}

@inproceedings{hasan2013extra,
	title={Extra-Linguistic Constraints on Stance Recognition in Ideological Debates.},
	author={Hasan, Kazi Saidul and Ng, Vincent},
	booktitle={ACL (2)},
	pages={816--821},
	year={2013}
}

@article{faulkner2014automated,
	title={Automated classification of stance in student essays: An approach using stance target information and the Wikipedia link-based measure},
	author={Faulkner, Adam},
	journal={Science},
	volume={376},
	number={12},
	pages={86},
	year={2014}
}
@inproceedings{ahmed2010staying,
	title={Staying informed: supervised and semi-supervised multi-view topical analysis of ideological perspective},
	author={Ahmed, Amr and Xing, Eric P},
	booktitle={Proceedings of the 2010 Conference on Empirical Methods in Natural Language Processing},
	pages={1140--1150},
	year={2010},
	organization={Association for Computational Linguistics}
}

@inproceedings{rajadesingan2014identifying,
	title={Identifying users with opposing opinions in twitter debates},
	author={Rajadesingan, Ashwin and Liu, Huan},
	booktitle={International Conference on Social Computing, Behavioral-Cultural Modeling, and Prediction},
	pages={153--160},
	year={2014},
	organization={Springer}
}

@inproceedings{augenstein2016usfd,
	title={USFD at SemEval-2016 Task 6: Any-Target Stance Detection on Twitter with Autoencoders.},
	author={Augenstein, Isabelle and Vlachos, Andreas and Bontcheva, Kalina},
	booktitle={SemEval@ NAACL-HLT},
	pages={389--393},
	year={2016}
}

@article{孙建旺2014基于词典与机器学习的中文微博情感分析研究,
	title={基于词典与机器学习的中文微博情感分析研究},
	author={孙建旺 and 吕学强 and 张雷瀚},
	journal={计算机应用与软件},
	volume={31},
	number={7},
	pages={177--181},
	year={2014}
}

@article{bollegala2013cross,
	title={Cross-domain sentiment classification using a sentiment sensitive thesaurus},
	author={Bollegala, Danushka and Weir, David and Carroll, John},
	journal={IEEE transactions on knowledge and data engineering},
	volume={25},
	number={8},
	pages={1719--1731},
	year={2013},
	publisher={IEEE}
}

@inproceedings{li2012cross,
	title={Cross-domain co-extraction of sentiment and topic lexicons},
	author={Li, Fangtao and Pan, Sinno Jialin and Jin, Ou and Yang, Qiang and Zhu, Xiaoyan},
	booktitle={Proceedings of the 50th Annual Meeting of the Association for Computational Linguistics: Long Papers-Volume 1},
	pages={410--419},
	year={2012},
	organization={Association for Computational Linguistics}
}

@inproceedings{wang2012baselines,
	title={Baselines and bigrams: Simple, good sentiment and topic classification},
	author={Wang, Sida and Manning, Christopher D},
	booktitle={Proceedings of the 50th Annual Meeting of the Association for Computational Linguistics: Short Papers-Volume 2},
	pages={90--94},
	year={2012},
	organization={Association for Computational Linguistics}
}

@inproceedings{dias2016heuristics,
	title={An Heuristics-based, Weakly-Supervised Approach for Classification of Stance in Tweets},
	author={Dias, Marcelo and Becker, Karin},
	booktitle={Web Intelligence (WI), 2016 IEEE/WIC/ACM International Conference on},
	pages={73--80},
	year={2016},
	organization={IEEE}
}

@article{rocktaschel2015reasoning,
	title={Reasoning about Entailment with Neural Attention},
	author={Tim Rocktschel and Grefenstette, Edward and Hermann, Karl Moritz and Tomá? Ko?isky and Blunsom, Phil},
	year={2015},
}

@inproceedings{gimpel2011part,
	title={Part-of-speech tagging for twitter: Annotation, features, and experiments},
	author={Gimpel, Kevin and Schneider, Nathan and O'Connor, Brendan and Das, Dipanjan and Mills, Daniel and Eisenstein, Jacob and Heilman, Michael and Yogatama, Dani and Flanigan, Jeffrey and Smith, Noah A},
	booktitle={Proceedings of the 49th Annual Meeting of the Association for Computational Linguistics: Human Language Technologies: short papers-Volume 2},
	pages={42--47},
	year={2011},
	organization={Association for Computational Linguistics}
}

@inproceedings{wei2016pkudblab,
	title={pkudblab at SemEval-2016 Task 6: A Specific Convolutional Neural Network System for Effective Stance Detection.},
	author={Wei, Wan and Zhang, Xiao and Liu, Xuqin and Chen, Wei and Wang, Tengjiao},
	booktitle={SemEval@ NAACL-HLT},
	pages={384--388},
	year={2016}
}

@article{zarrella2016mitre,
	title={MITRE at SemEval-2016 Task 6: Transfer Learning for Stance Detection},
	author={Zarrella, Guido and Marsh, Amy},
	year={2016},
}

@article{mohammadstance,
	title={Stance and sentiment in tweets},
	author={Mohammad, Saif M and Sobhani, Parinaz and Kiritchenko, Svetlana},
	journal={ACM Transactions on Internet Technology (TOIT)},
	volume={17},
	number={3},
	pages={26},
	year={2017},
	publisher={ACM}
}

@inproceedings{Tang2014Learning,
	title={Learning Sentiment-Specific Word Embedding for Twitter Sentiment Classification},
	author={Tang, Duyu and Wei, Furu and Yang, Nan and Zhou, Ming and Liu, Ting and Qin, Bing},
	booktitle={Meeting of the Association for Computational Linguistics},
	pages={1555-1565},
	year={2014},
}

@article{Collobert2011Natural,
	title={Natural Language Processing (Almost) from Scratch},
	author={Collobert, Ronan and Weston, Jason and Karlen, Michael and Kavukcuoglu, Koray and Kuksa, Pavel},
	journal={Journal of Machine Learning Research},
	volume={12},
	number={1},
	pages={2493-2537},
	year={2011},
}